@article{PhysRevLett.103.150502,
  title = {Quantum Algorithm for Linear Systems of Equations},
  author = {Harrow, Aram W. and Hassidim, Avinatan and Lloyd, Seth},
  journal = {Phys. Rev. Lett.},
  volume = {103},
  issue = {15},
  pages = {150502},
  numpages = {4},
  year = {2009},
  month = {Oct},
  doi = {10.1103/PhysRevLett.103.150502},
  url = {http://link.aps.org/doi/10.1103/PhysRevLett.103.150502},
  publisher = {American Physical Society}
}

@article{monty,
	title = {A Scalable Architecture for Modular Multiplication Based on Montgomery's Algorithm},
	author = {{Alexandre F. Tenca} and {Cetin K. Koc}},
	journal = {IEEE Trans. Computers},
	volume = {52},
	year = {2003},
	number = {9},
	pages = {1215 - 1221}
}

@article{shor,
	title={Polynomial-time algorithms for prime factorization and discrete logarithms on a quantum computer},
	author={Shor, Peter W},
	journal={SIAM journal on computing},
	volume={26},
	number={5},
	pages={1484--1509},
	year={1997},
	publisher={SIAM}
}

@misc{mod_exp,
	howpublished = {\url{http://en.wikipedia.org/wiki/Modular_exponentiation#Right-to-left_binary_method}}
}

@article{mccurdy,
	author = {Micah M. McCurdy},
	title = {Quantum Optimization Nets for Basic Logic Gates},
	year = {2012}
}

@article{gluing,
	author = {Micah M. McCurdy and Jeffrey Egger},
	title = {Gluing Theorem Paper},
	year = {2014}
}

@article{farhi,
	author = {Edward Farhi and Jeffrey Goldstone and Sam Gutmann and Michael Sipser},
	year = {2000},
	journal = {arXiv preprint quant-ph/0001106},
	title = {Quantum Computation by Adiabatic Evolution}
}

@article{farhi2,
  title={A quantum adiabatic evolution algorithm applied to random instances of an NP-complete problem},
  author={Farhi, Edward and Goldstone, Jeffrey and Gutmann, Sam and Lapan, Joshua and Lundgren, Andrew and Preda, Daniel},
  journal={Science},
  volume={292},
  number={5516},
  pages={472--475},
  year={2001},
  publisher={American Association for the Advancement of Science}
}

@article{graph_iso,
  title = {Solving the graph-isomorphism problem with a quantum annealer},
  author = {Hen, Itay and Young, A. P.},
  journal = {Phys. Rev. A},
  volume = {86},
  issue = {4},
  pages = {042310},
  numpages = {8},
  year = {2012},
  month = {Oct},
  publisher = {American Physical Society},
  doi = {10.1103/PhysRevA.86.042310},
  url = {http://link.aps.org/doi/10.1103/PhysRevA.86.042310}
}

@article{young2,
  title = {First-Order Phase Transition in the Quantum Adiabatic Algorithm},
  author = {Young, A. P. and Knysh, S. and Smelyanskiy, V. N.},
  journal = {Phys. Rev. Lett.},
  volume = {104},
  issue = {2},
  pages = {020502},
  numpages = {4},
  year = {2010},
  month = {Jan},
  publisher = {American Physical Society},
  doi = {10.1103/PhysRevLett.104.020502},
  url = {http://link.aps.org/doi/10.1103/PhysRevLett.104.020502}
}

@article{young1,
  title = {Size Dependence of the Minimum Excitation Gap in the Quantum Adiabatic Algorithm},
  author = {Young, A. P. and Knysh, S. and Smelyanskiy, V. N.},
  journal = {Phys. Rev. Lett.},
  volume = {101},
  issue = {17},
  pages = {170503},
  numpages = {4},
  year = {2008},
  month = {Oct},
  publisher = {American Physical Society},
  doi = {10.1103/PhysRevLett.101.170503},
  url = {http://link.aps.org/doi/10.1103/PhysRevLett.101.170503}
}

@article{lucas,
  title={Ising formulations of many NP problems},
  author={Lucas, Andrew},
  journal={arXiv preprint arXiv:1302.5843},
  year={2013}
}

@article{pudenz,
	title = {Error corrected quantum annealing with hundreds of qubits},
	author = {Kristen L. Pudenz and Tameem Albash and Daniel A. Lidar},
	year = {2014},
	month = {February},
	journal = {Nat. Commun.},
	volume = {5},
	doi = {10.1038/ncomms4243}
}

@article{boixo2,
	title = {Quantum annealing with more than one hundred qubits},
	author = {Sergio Boixo and Troels F. R{\o}nnow and Sergei V. Isakov and Zhihui Wang and David Wecker and Daniel A. Lidar and John M Martinis and Matthias Troyer},
	year = {2014},
	month = {February},
	journal = {Nat. Phys.},
	volume = {10},
	pages = {218 - 224},
	doi = {10.1038/nphys2900}
}

@article{boixo,
	title = {Experimental signature of programmable quantum annealing},
	author = {Sergio Boixo and Tameem Albash and Federico M. Spedalieri and Nicholas Chancellor and Daniel A. Lidar},
	year = {2013},
	month = {June},
	volume = {4},
	journal = {Nat. Commun.},
	doi = {10.1038/ncomms3067}
}

@article{young3,
	title = {Exponential complexity of the quantum adiabatic algorithm for certain satisfiability problems},
	author = {Hen, Itay and Young, A. P.},
	journal = {Phys. Rev. E},
	volume = {84},
	issue = {6},
	pages = {061152},
	numpages = {8},
	year = {2011},
	month = {Dec},
	publisher = {American Physical Society},
	doi = {10.1103/PhysRevE.84.061152},
	url = {http://link.aps.org/doi/10.1103/PhysRevE.84.061152}
}

@inproceedings{mcgeoch,
	author = {McGeoch, Catherine C. and Wang, Cong},
	title = {Experimental Evaluation of an Adiabiatic Quantum System for Combinatorial Optimization},
	booktitle = {Proceedings of the ACM International Conference on Computing Frontiers},
	series = {CF '13},
	year = {2013},
	isbn = {978-1-4503-2053-5},
	location = {Ischia, Italy},
	pages = {23:1--23:11},
	articleno = {23},
	numpages = {11},
	url = {http://doi.acm.org/10.1145/2482767.2482797},
	doi = {10.1145/2482767.2482797},
	acmid = {2482797},
	publisher = {ACM},
	address = {New York, NY, USA},
	keywords = {D-wave, adiabatic quantum computing, heuristics, quantum annealing},
} 

@article {gadgets,
	author = {Babbush, Ryan and O'Gorman, Bryan and Aspuru-Guzik, Al√°n},
	title = {Resource efficient gadgets for compiling adiabatic quantum optimization problems},
	journal = {Annalen der Physik},
	volume = {525},
	number = {10-11},
	issn = {1521-3889},
	url = {http://dx.doi.org/10.1002/andp.201300120},
	doi = {10.1002/andp.201300120},
	pages = {877--888},
	keywords = {Adiabatic quantum computing, quantum simulation, quantum information, optimization},
	year = {2013},
}

@article{PhysRevLett.101.170503,
	title = {Size Dependence of the Minimum Excitation Gap in the Quantum Adiabatic Algorithm},
	author = {Young, A. P. and Knysh, S. and Smelyanskiy, V. N.},
	journal = {Phys. Rev. Lett.},
	volume = {101},
	issue = {17},
	pages = {170503},
	numpages = {4},
	year = {2008},
	month = {Oct},
	publisher = {American Physical Society},
	doi = {10.1103/PhysRevLett.101.170503},
	url = {http://link.aps.org/doi/10.1103/PhysRevLett.101.170503}
}

@article{Kirkpatrick,
	author = {Kirkpatrick, Scott and Selman, Bart}, 
	title = {Critical Behavior in the Satisfiability of Random Boolean Expressions},
	volume = {264}, 
	number = {5163}, 
	pages = {1297-1301}, 
	year = {1994}, 
	doi = {10.1126/science.264.5163.1297}, 
	abstract ={Determining the satisfiability of randomly generated Boolean expressions with k variables per clause is a popular test for the performance of search algorithms in artificial intelligence and computer science. It is known that for k = 2, formulas are almost always satisfiable when the ratio of clauses to variables is less than 1; for ratios larger than 1, the formulas are almost never satisfiable. Similar sharp threshold behavior is observed for higher values of k. Finite-size scaling, a method from statistical physics, can be used to characterize size-dependent effects near the threshold. A relationship can be drawn between thresholds and computational complexity.}, 
	URL = {http://www.sciencemag.org/content/264/5163/1297.abstract}, 
	eprint = {http://www.sciencemag.org/content/264/5163/1297.full.pdf}, 
	journal = {Science} 
}

@book{zettili,
	author = {Nouredine Zettili},
	title = {Quantum Mechanics: Concepts and Applications},
	year = {2009},
	edition = {Second},
	publisher = {John Wiley and Sons},
}

@article{PhysRevLett.93.037003,
  title = {Evidence for Entangled States of Two Coupled Flux Qubits},
  author = {Izmalkov, A. and Grajcar, M. and Il'ichev, E. and Wagner, Th. and Meyer, H.-G. and Smirnov, A. Yu. and Amin, M. H. S. and van den Brink, Alec Maassen and Zagoskin, A. M.},
  journal = {Phys. Rev. Lett.},
  volume = {93},
  issue = {3},
  pages = {037003},
  numpages = {4},
  year = {2004},
  month = {Jul},
  publisher = {American Physical Society},
  doi = {10.1103/PhysRevLett.93.037003},
  url = {http://link.aps.org/doi/10.1103/PhysRevLett.93.037003}
}

@article{lanting,
  title={Entanglement in a quantum annealing processor},
  author={Lanting, T and Przybysz, AJ and Smirnov, A Yu and Spedalieri, FM and Amin, MH and Berkley, AJ and Harris, R and Altomare, F and Boixo, S and Bunyk, P and others},
  journal={Physical Review X},
  volume={4},
  number={2},
  pages={021041},
  year={2014},
  publisher={APS}
}

@article{bunyk,
  title={Architectural considerations in the design of a superconducting quantum annealing processor},
  author={Bunyk, PI and Hoskinson, E and Johnson, MW and Tolkacheva, E and Altomare, F and Berkley, AJ and Harris, R and Hilton, JP and Lanting, T and Whittaker, J},
  journal={arXiv preprint arXiv:1401.5504},
  year={2014}
}

@article{aaronson,
	title = {NP-complete problems and Physical Reality},
	author = {Scott Aaronson},
	year = {2014}
}

@INPROCEEDINGS{vandam,
	author={van Dam, W. and Mosca, M. and Vazirani, U.},
	booktitle={Foundations of Computer Science, 2001. Proceedings. 42nd IEEE Symposium on},
	title={How powerful is adiabatic quantum computation?},
	year={2001},
	month={Oct},
	pages={279-287},
	doi={10.1109/SFCS.2001.959902},
}

@article{magnet_anneal,
	Abstract = {Presents a report on the comparison of thermal and quantum annealing in a model disordered magnet, where the effects of quantum mechanics can be tuned by varying an applied magnetic field. Use of thermal fluctuations in traditional simulated annealing for convergence in optimization problems; Mechanism provided by quantum tunneling; Indication that quantum annealing hastens convergence to the optimum state.},
	Author = {Brooke, J. and Bitko, D. and Rosenbaum, T.F. and Aeppli, G.},
	ISSN = {00368075},
	Journal = {Science},
	Keywords = {SIMULATED annealing (Mathematics), MAGNETS, QUANTUM theory, STRUCTURAL optimization},
	Number = {5415},
	Pages = {779 - 781},
	Title = {Quantum Annealing of a Disordered Magnet.},
	Volume = {284},
	URL = {http://ezproxy.library.dal.ca/login?url=http://search.ebscohost.com/login.aspx?direct=true&db=aph&AN=1827387&site=ehost-live},
	Year = {1999},
}

@article{dwave_nature,
  title={Quantum annealing with manufactured spins},
  author={Johnson, MW and Amin, MHS and Gildert, S and Lanting, T and Hamze, F and Dickson, N and Harris, R and Berkley, AJ and Johansson, J and Bunyk, P and others},
  journal={Nature},
  volume={473},
  number={7346},
  pages={194--198},
  year={2011},
  publisher={Nature Publishing Group}
}

@article{qubit,
	title = {Experimental demonstration of a robust and scalable flux qubit},
	author = {Harris, R. and Johansson, J. and Berkley, A. J. and Johnson, M. W. and Lanting, T. and Han, Siyuan and Bunyk, P. and Ladizinsky, E. and Oh, T. and Perminov, I. and Tolkacheva, E. and Uchaikin, S. and Chapple, E. M. and Enderud, C. and Rich, C. and Thom, M. and Wang, J. and Wilson, B. and Rose, G.},
	journal = {Phys. Rev. B},
	volume = {81},
	issue = {13},
	pages = {134510},
	numpages = {19},
	year = {2010},
	month = {Apr},
	publisher = {American Physical Society},
	doi = {10.1103/PhysRevB.81.134510},
	url = {http://link.aps.org/doi/10.1103/PhysRevB.81.134510}
}

@article{PhysRevB.82.024511,
	title = {Experimental investigation of an eight-qubit unit cell in a superconducting optimization processor},
	author = {Harris, R. and Johnson, M. W. and Lanting, T. and Berkley, A. J. and Johansson, J. and Bunyk, P. and Tolkacheva, E. and Ladizinsky, E. and Ladizinsky, N. and Oh, T. and Cioata, F. and Perminov, I. and Spear, P. and Enderud, C. and Rich, C. and Uchaikin, S. and Thom, M. C. and Chapple, E. M. and Wang, J. and Wilson, B. and Amin, M. H. S. and Dickson, N. and Karimi, K. and Macready, B. and Truncik, C. J. S. and Rose, G.},
	journal = {Phys. Rev. B},
	volume = {82},
	issue = {2},
	pages = {024511},
	numpages = {15},
	year = {2010},
	month = {Jul},
	publisher = {American Physical Society},
	doi = {10.1103/PhysRevB.82.024511},
	url = {http://link.aps.org/doi/10.1103/PhysRevB.82.024511}
}

@article{choi1,
	year={2008},
	issn={1570-0755},
	journal={Quantum Information Processing},
	volume={7},
	number={5},
	doi={10.1007/s11128-008-0082-9},
	title={Minor-embedding in adiabatic quantum computation: I. The parameter setting problem},
	url={http://dx.doi.org/10.1007/s11128-008-0082-9},
	publisher={Springer US},
	keywords={Adiabatic quantum computation; Graph minor; Quadratic unconstrained binary optimization; Ising Hamiltonian},
	author={Choi, Vicky},
	pages={193-209},
	language={English}
}

@article{aaron,
	year = {2014},
	author = {A. J. Whiteway},
	title = {Effects of Errors in the Hamiltonian Programming Process of Adiabatic Quantum Computing},
	school = {Dalhousie}
}

@article{feynman,
	title={Simulating physics with computers},
	author={Feynman, Richard P},
	journal={International journal of theoretical physics},
	volume={21},
	number={6},
	pages={467--488},
	year={1982},
	publisher={Springer}
}

@article{speedup,
	author = {R{\o}nnow, Troels F. and Wang, Zhihui and Job, Joshua and Boixo, Sergio and Isakov, Sergei V. and Wecker, David and Martinis, John M. and Lidar, Daniel A. and Troyer, Matthias},
	title = {Defining and detecting quantum speedup},
	year = {2014}, 
	doi = {10.1126/science.1252319}, 
	abstract ={The development of small-scale quantum devices raises the question of how to fairly assess and detect quantum speedup. Here we show how to define and measure quantum speedup, and how to avoid pitfalls that might mask or fake such a speedup. We illustrate our discussion with data from tests run on a D-Wave Two device with up to 503 qubits. Using random spin glass instances as a benchmark, we find no evidence of quantum speedup when the entire data set is considered, and obtain inconclusive results when comparing subsets of instances on an instance-by-instance basis. Our results do not rule out the possibility of speedup for other classes of problems and illustrate the subtle nature of the quantum speedup question.}, 
	URL = {http://www.sciencemag.org/content/early/2014/06/18/science.1252319.abstract}, 
	eprint = {http://www.sciencemag.org/content/early/2014/06/18/science.1252319.full.pdf}, 
	journal = {Science} 
}

@article{amin,
	title = {Consistency of the Adiabatic Theorem},
	author = {Amin, M. H. S.},
	journal = {Phys. Rev. Lett.},
	volume = {102},
	issue = {22},
	pages = {220401},
	numpages = {4},
	year = {2009},
	month = {Jun},
	publisher = {American Physical Society},
	doi = {10.1103/PhysRevLett.102.220401},
	url = {http://link.aps.org/doi/10.1103/PhysRevLett.102.220401}
}

@inproceedings{sat,
	title={The complexity of theorem-proving procedures},
	author={Cook, Stephen A},
	booktitle={Proceedings of the third annual ACM symposium on Theory of computing},
	pages={151--158},
	year={1971},
	organization={ACM}
}

@book{karp,
  title={Reducibility among combinatorial problems},
  author={Karp, Richard M},
  year={1972},
  publisher={Springer}
}

@book{qcbook,
	title = {Quantum Computation and Quantum Information Information},
	author = {M. A. Nielson and I. L. Chuang},
	year = {2000},
	publisher = {Cambridge University Press}
}

@inproceedings{grover,
	title={A fast quantum mechanical algorithm for database search},
	author={Grover, Lov K},
	booktitle={Proceedings of the twenty-eighth annual ACM symposium on Theory of computing},
	pages={212--219},
	year={1996},
	organization={ACM}
}

@article{qc,
	title={Quantum computers},
	author={Ladd, Thaddeus D and Jelezko, Fedor and Laflamme, Raymond and Nakamura, Yasunobu and Monroe, Christopher and O‚ÄôBrien, Jeremy L},
	journal={Nature},
	volume={464},
	number={7285},
	pages={45--53},
	year={2010},
	publisher={Nature Publishing Group}
}

@article{transverse,
	title={Quantum annealing in the transverse Ising model},
	author={Kadowaki, Tadashi and Nishimori, Hidetoshi},
	journal={Physical Review E},
	volume={58},
	number={5},
	pages={5355},
	year={1998},
	publisher={APS}
}

@article{hogg,
	title={Adiabatic quantum computing for random satisfiability problems},
	author={Hogg, Tad},
	journal={Physical Review A},
	volume={67},
	number={2},
	pages={022314},
	year={2003},
	publisher={APS}
}

@article{deutsch,
	title={Rapid solution of problems by quantum computation},
	author={Deutsch, David and Jozsa, Richard},
	journal={Proceedings of the Royal Society of London. Series A: Mathematical and Physical Sciences},
	volume={439},
	number={1907},
	pages={553--558},
	year={1992},
	publisher={The Royal Society}
}

@article{non_dwave_aqc,
	title = {Quantum Factorization of 143 on a Dipolar-Coupling Nuclear Magnetic Resonance System},
	author = {Xu, Nanyang and Zhu, Jing and Lu, Dawei and Zhou, Xianyi and Peng, Xinhua and Du, Jiangfeng},
	journal = {Phys. Rev. Lett.},
	volume = {108},
	issue = {13},
	pages = {130501},
	numpages = {5},
	year = {2012},
	month = {Mar},
	publisher = {American Physical Society},
	doi = {10.1103/PhysRevLett.108.130501},
	url = {http://link.aps.org/doi/10.1103/PhysRevLett.108.130501}
}

@article{brachistochrone,
	title = {Quantum Adiabatic Brachistochrone},
	author = {Rezakhani, A. T. and Kuo, W.-J. and Hamma, A. and Lidar, D. A. and Zanardi, P.},
	journal = {Phys. Rev. Lett.},
	volume = {103},
	issue = {8},
	pages = {080502},
	numpages = {4},
	year = {2009},
	month = {Aug},
	publisher = {American Physical Society},
	doi = {10.1103/PhysRevLett.103.080502},
	url = {http://link.aps.org/doi/10.1103/PhysRevLett.103.080502}
}

@article{one_atom_at_a_time,
  title={Quantum dots: One atom at a time},
  author={Weitering, Hanno H},
  journal={Nature nanotechnology},
  year={2014},
  publisher={Nature Publishing Group}
}

@article{coherent_photon,
  title={Efficient quantum computing using coherent photon conversion},
  author={Langford, Nathan K and Ramelow, Sven and Prevedel, Robert and Munro, William J and Milburn, Gerard J and Zeilinger, Anton},
  journal={Nature},
  volume={478},
  number={7369},
  pages={360--363},
  year={2011},
  publisher={Nature Publishing Group}
}

@article{turing,
  title={On computable numbers, with an application to the Entscheidungsproblem},
  author={Turing, Alan Mathison},
  journal={J. of Math},
  volume={58},
  pages={345--363},
  year={1936}
}

@article{smolin,
  title={Classical signature of quantum annealing},
  author={Smolin, John A and Smith, Graeme},
  journal={arXiv preprint arXiv:1305.4904},
  year={2013}
}

@book{comp_book,
  title={Computational physics},
  author={Giordano, Nicholas J and Nakanishi, Hisao},
  year={2006},
  publisher={Pearson Education India}
}

@article{shor_error,
	title = {Scheme for reducing decoherence in quantum computer memory},
	author = {Shor, Peter W.},
	journal = {Phys. Rev. A},
	volume = {52},
	issue = {4},
	pages = {R2493--R2496},
	numpages = {0},
	year = {1995},
	month = {Oct},
	publisher = {American Physical Society},
	doi = {10.1103/PhysRevA.52.R2493},
	url = {http://link.aps.org/doi/10.1103/PhysRevA.52.R2493}
}

@article{geordie,
	author = {Geordie Rose},
	year = {2013},
	title = {The Google / NASA Quantum Artificial Intelligence Lab},
	journal = {http://dwave.wordpress.com/2013/05/16/the-quantum-artificial-intelligence-lab/},
}

@article{google,
	author = {Hartmut Neven},
	title = {Launching the Quantum Artificial Intelligence Lab},
	year = {2013},
	journal= {googleresearch.blogspot.ca/2013/05/launching-quantum-artificial.html},
}
