@article{PhysRevLett.103.150502,
  title = {Quantum Algorithm for Linear Systems of Equations},
  author = {Harrow, Aram W. and Hassidim, Avinatan and Lloyd, Seth},
  journal = {Phys. Rev. Lett.},
  volume = {103},
  issue = {15},
  pages = {150502},
  numpages = {4},
  year = {2009},
  month = {Oct},
  doi = {10.1103/PhysRevLett.103.150502},
  url = {http://link.aps.org/doi/10.1103/PhysRevLett.103.150502},
  publisher = {American Physical Society}
}

@article{monty,
	title = {A Scalable Architecture for Modular Multiplication Based on Montgomery's Algorithm},
	author = {{Alexandre F. Tenca} and {Cetin K. Koc}},
	journal = {IEEE Trans. Computers},
	volume = {52},
	year = {2003},
	number = {9},
	pages = {1215 - 1221}
}

@article{shor,
	title = {Polynomial-Time Algorithms for Prime Factorization and Discrete Logarithms on a Quantum Computer},
	author = {Peter W. Shor},
	journal = {arXiv},
	year = {1996}
}

@misc{mod_exp,
	howpublished = {\url{http://en.wikipedia.org/wiki/Modular_exponentiation#Right-to-left_binary_method}}
}

@article{mccurdy,
	author = {Micah M. McCurdy},
	title = {Quantum Optimization Nets for Basic Logic Gates},
	year = {2012}
}

@article{gluing,
	author = {Micah M. McCurdy and Jeffrey Egger},
	title = {Gluing Theorem Paper},
	year = {2014}
}
